<record><leader>00000cas a2200000 a 4500</leader><controlfield tag="001">14764351</controlfield><controlfield tag="008">861118d19071uuumiudn ne      0    0eng c</controlfield><datafield ind1=" " ind2=" " tag="010"><subfield code="a">sn 86086623 </subfield></datafield><datafield ind1=" " ind2=" " tag="040"><subfield code="a">NPV</subfield><subfield code="b">eng</subfield><subfield code="c">NPV</subfield><subfield code="d">MHN</subfield><subfield code="d">OCL</subfield><subfield code="d">OCLCQ</subfield><subfield code="d">OCLCF</subfield><subfield code="d">OCLCO</subfield></datafield><datafield ind1="1" ind2=" " tag="029"><subfield code="a">AU@</subfield><subfield code="b">000025830731</subfield></datafield><datafield ind1=" " ind2=" " tag="042"><subfield code="a">pcc</subfield></datafield><datafield ind1=" " ind2=" " tag="043"><subfield code="a">n-us-mi</subfield></datafield><datafield ind1="0" ind2="0" tag="245"><subfield code="a">Marquette evening news.</subfield></datafield><datafield ind1=" " ind2=" " tag="260"><subfield code="a">Marquette, Mich. :</subfield><subfield code="b">Upper Peninsula Pub. Co.</subfield></datafield><datafield ind1=" " ind2=" " tag="300"><subfield code="a">v.</subfield></datafield><datafield ind1=" " ind2=" " tag="310"><subfield code="a">Daily (except Sunday)</subfield></datafield><datafield ind1="0" ind2=" " tag="362"><subfield code="a">Vol. 1, no. 1 (Jan. 22, 1907)-</subfield></datafield><datafield ind1=" " ind2="0" tag="651"><subfield code="a">Marquette (Mich.)</subfield><subfield code="v">Newspapers.</subfield></datafield><datafield ind1=" " ind2="0" tag="651"><subfield code="a">Marquette County (Mich.)</subfield><subfield code="v">Newspapers.</subfield></datafield><datafield ind1=" " ind2="7" tag="655"><subfield code="a">Newspapers.</subfield><subfield code="2">fast</subfield><subfield code="0">(OCoLC)fst01423814</subfield></datafield><datafield ind1=" " ind2="7" tag="651"><subfield code="a">Michigan</subfield><subfield code="z">Marquette.</subfield><subfield code="2">fast</subfield><subfield code="0">(OCoLC)fst01214886</subfield></datafield><datafield ind1=" " ind2="7" tag="651"><subfield code="a">Michigan</subfield><subfield code="z">Marquette County.</subfield><subfield code="2">fast</subfield><subfield code="0">(OCoLC)fst01213518</subfield></datafield><datafield ind1=" " ind2=" " tag="752"><subfield code="a">United States</subfield><subfield code="b">Michigan</subfield><subfield code="c">Marquette</subfield><subfield code="d">Marquette.</subfield></datafield></record>